@article{cover2006elements,
  title={Elements of Information Theory},
  author={Cover, Thomas M. and Thomas, Joy A.},
  journal={Wiley},
  year={2006},
  publisher={John Wiley \& Sons}
}

@inproceedings{kingma2014auto,
  title={Auto-Encoding Variational Bayes},
  author={Kingma, Diederik P and Welling, Max},
  booktitle={International Conference on Learning Representations (ICLR)},
  year={2014}
}

@article{lavalle2006planning,
  title={Planning Algorithms},
  author={LaValle, Steven M},
  journal={Cambridge University Press},
  year={2006}
}

@article{goodfellow2016deep,
  title={Deep Learning},
  author={Goodfellow, Ian and Bengio, Yoshua and Courville, Aaron},
  journal={MIT Press},
  year={2016}
}
